%YAML 1.1
%TAG !u! tag:unity3d.com,2011:
--- !u!91 &9100000
AnimatorController:
  m_ObjectHideFlags: 0
  m_PrefabParentObject: {fileID: 0}
  m_PrefabInternal: {fileID: 0}
  m_Name: kyubi
  serializedVersion: 2
  m_AnimatorParameters: []
  m_AnimatorLayers:
  - serializedVersion: 3
    m_Name: Base Layer
    m_StateMachine: {fileID: 110717950}
    m_Mask: {fileID: 0}
    m_BlendingMode: 0
    m_SyncedLayerIndex: -1
    m_StateMachineMotionSetIndex: 0
    m_DefaultWeight: 0
    m_IKPass: 0
    m_SyncedLayerAffectsTiming: 0
    m_Controller: {fileID: 9100000}
--- !u!1101 &110108252
Transition:
  serializedVersion: 2
  m_ObjectHideFlags: 3
  m_PrefabParentObject: {fileID: 0}
  m_PrefabInternal: {fileID: 0}
  m_Name: 
  m_SrcState: {fileID: 110204500}
  m_DstState: {fileID: 110254874}
  m_TransitionDuration: .0405405387
  m_TransitionOffset: 0
  m_Conditions:
  - m_ConditionMode: 5
    m_ConditionEvent: 
    m_EventTreshold: 0
    m_ExitTime: .959459484
  m_Atomic: 1
  m_Solo: 0
  m_Mute: 0
  m_CanTransitionToSelf: 0
--- !u!1101 &110141150
Transition:
  serializedVersion: 2
  m_ObjectHideFlags: 3
  m_PrefabParentObject: {fileID: 0}
  m_PrefabInternal: {fileID: 0}
  m_Name: 
  m_SrcState: {fileID: 110203060}
  m_DstState: {fileID: 110297588}
  m_TransitionDuration: .0405405387
  m_TransitionOffset: 0
  m_Conditions:
  - m_ConditionMode: 5
    m_ConditionEvent: 
    m_EventTreshold: 0
    m_ExitTime: .959459484
  m_Atomic: 1
  m_Solo: 0
  m_Mute: 0
  m_CanTransitionToSelf: 0
--- !u!1101 &110148128
Transition:
  serializedVersion: 2
  m_ObjectHideFlags: 3
  m_PrefabParentObject: {fileID: 0}
  m_PrefabInternal: {fileID: 0}
  m_Name: 
  m_SrcState: {fileID: 110254874}
  m_DstState: {fileID: 110203060}
  m_TransitionDuration: .0428571403
  m_TransitionOffset: 0
  m_Conditions:
  - m_ConditionMode: 5
    m_ConditionEvent: 
    m_EventTreshold: 0
    m_ExitTime: .95714283
  m_Atomic: 1
  m_Solo: 0
  m_Mute: 0
  m_CanTransitionToSelf: 0
--- !u!1101 &110190118
Transition:
  serializedVersion: 2
  m_ObjectHideFlags: 3
  m_PrefabParentObject: {fileID: 0}
  m_PrefabInternal: {fileID: 0}
  m_Name: 
  m_SrcState: {fileID: 110297588}
  m_DstState: {fileID: 110204500}
  m_TransitionDuration: .0882352889
  m_TransitionOffset: 0
  m_Conditions:
  - m_ConditionMode: 5
    m_ConditionEvent: 
    m_EventTreshold: 0
    m_ExitTime: .911764741
  m_Atomic: 1
  m_Solo: 0
  m_Mute: 0
  m_CanTransitionToSelf: 0
--- !u!1102 &110203060
State:
  m_ObjectHideFlags: 3
  m_PrefabParentObject: {fileID: 0}
  m_PrefabInternal: {fileID: 0}
  m_Name: kyubi-action1
  m_Speed: 1
  m_CycleOffset: 0
  m_Motions:
  - {fileID: 7400000, guid: 8ffc1d1ddb3514144bab27a07ec6e608, type: 3}
  m_ParentStateMachine: {fileID: 110717950}
  m_Position: {x: 0, y: -24, z: 0}
  m_IKOnFeet: 0
  m_Mirror: 0
  m_Tag: 
--- !u!1102 &110204500
State:
  m_ObjectHideFlags: 3
  m_PrefabParentObject: {fileID: 0}
  m_PrefabInternal: {fileID: 0}
  m_Name: kyubi-action1 0
  m_Speed: 1
  m_CycleOffset: 0
  m_Motions:
  - {fileID: 7400000, guid: 8ffc1d1ddb3514144bab27a07ec6e608, type: 3}
  m_ParentStateMachine: {fileID: 110717950}
  m_Position: {x: 240, y: 48, z: 0}
  m_IKOnFeet: 0
  m_Mirror: 0
  m_Tag: 
--- !u!1102 &110254874
State:
  m_ObjectHideFlags: 3
  m_PrefabParentObject: {fileID: 0}
  m_PrefabInternal: {fileID: 0}
  m_Name: kyubi-action4
  m_Speed: 1
  m_CycleOffset: 0
  m_Motions:
  - {fileID: 7400006, guid: 8ffc1d1ddb3514144bab27a07ec6e608, type: 3}
  m_ParentStateMachine: {fileID: 110717950}
  m_Position: {x: 0, y: 48, z: 0}
  m_IKOnFeet: 0
  m_Mirror: 0
  m_Tag: 
--- !u!1102 &110297588
State:
  m_ObjectHideFlags: 3
  m_PrefabParentObject: {fileID: 0}
  m_PrefabInternal: {fileID: 0}
  m_Name: kyubi-action2
  m_Speed: 1
  m_CycleOffset: 0
  m_Motions:
  - {fileID: 7400002, guid: 8ffc1d1ddb3514144bab27a07ec6e608, type: 3}
  m_ParentStateMachine: {fileID: 110717950}
  m_Position: {x: 240, y: -36, z: 0}
  m_IKOnFeet: 0
  m_Mirror: 0
  m_Tag: 
--- !u!1107 &110717950
StateMachine:
  serializedVersion: 2
  m_ObjectHideFlags: 3
  m_PrefabParentObject: {fileID: 0}
  m_PrefabInternal: {fileID: 0}
  m_Name: Base Layer
  m_DefaultState: {fileID: 110203060}
  m_States:
  - {fileID: 110203060}
  - {fileID: 110297588}
  - {fileID: 110204500}
  - {fileID: 110254874}
  m_ChildStateMachine: []
  m_ChildStateMachinePosition: []
  m_OrderedTransitions:
    data:
      first: {fileID: 110254874}
      second:
      - {fileID: 110148128}
    data:
      first: {fileID: 110204500}
      second:
      - {fileID: 110108252}
    data:
      first: {fileID: 110297588}
      second:
      - {fileID: 110190118}
    data:
      first: {fileID: 110203060}
      second:
      - {fileID: 110141150}
  m_MotionSetCount: 1
  m_AnyStatePosition: {x: -168, y: 0, z: 0}
  m_ParentStateMachinePosition: {x: 800, y: 20, z: 0}
