%YAML 1.1
%TAG !u! tag:unity3d.com,2011:
--- !u!91 &9100000
AnimatorController:
  m_ObjectHideFlags: 0
  m_PrefabParentObject: {fileID: 0}
  m_PrefabInternal: {fileID: 0}
  m_Name: Karasutenngu_Animetor
  serializedVersion: 2
  m_AnimatorParameters:
  - m_Name: motionNum
    m_Type: 3
    m_DefaultFloat: 0
    m_DefaultInt: 0
    m_DefaultBool: 0
    m_Controller: {fileID: 9100000}
  m_AnimatorLayers:
  - serializedVersion: 3
    m_Name: Base Layer
    m_StateMachine: {fileID: 110712610}
    m_Mask: {fileID: 0}
    m_BlendingMode: 0
    m_SyncedLayerIndex: -1
    m_StateMachineMotionSetIndex: 0
    m_DefaultWeight: 0
    m_IKPass: 0
    m_SyncedLayerAffectsTiming: 0
    m_Controller: {fileID: 9100000}
--- !u!1101 &110126730
Transition:
  serializedVersion: 2
  m_ObjectHideFlags: 3
  m_PrefabParentObject: {fileID: 0}
  m_PrefabInternal: {fileID: 0}
  m_Name: 
  m_SrcState: {fileID: 110273434}
  m_DstState: {fileID: 110264404}
  m_TransitionDuration: .0656805113
  m_TransitionOffset: .771246791
  m_Conditions:
  - m_ConditionMode: 6
    m_ConditionEvent: motionNum
    m_EventTreshold: 2
    m_ExitTime: .951171875
  m_Atomic: 1
  m_Solo: 0
  m_Mute: 0
  m_CanTransitionToSelf: 0
--- !u!1101 &110128400
Transition:
  serializedVersion: 2
  m_ObjectHideFlags: 3
  m_PrefabParentObject: {fileID: 0}
  m_PrefabInternal: {fileID: 0}
  m_Name: 
  m_SrcState: {fileID: 110273434}
  m_DstState: {fileID: 110298582}
  m_TransitionDuration: .048828125
  m_TransitionOffset: 0
  m_Conditions:
  - m_ConditionMode: 6
    m_ConditionEvent: motionNum
    m_EventTreshold: 1
    m_ExitTime: .951171875
  m_Atomic: 0
  m_Solo: 0
  m_Mute: 0
  m_CanTransitionToSelf: 0
--- !u!1102 &110264404
State:
  m_ObjectHideFlags: 3
  m_PrefabParentObject: {fileID: 0}
  m_PrefabInternal: {fileID: 0}
  m_Name: KarasutennguAction_Lose
  m_Speed: 1
  m_CycleOffset: 0
  m_Motions:
  - {fileID: 7400000, guid: c7e6396a2495e224ba8cf02fb7eb4360, type: 2}
  m_ParentStateMachine: {fileID: 110712610}
  m_Position: {x: 108, y: 168, z: 0}
  m_IKOnFeet: 0
  m_Mirror: 0
  m_Tag: 
--- !u!1102 &110273434
State:
  m_ObjectHideFlags: 3
  m_PrefabParentObject: {fileID: 0}
  m_PrefabInternal: {fileID: 0}
  m_Name: KarasutennguAction1_001
  m_Speed: 1
  m_CycleOffset: 0
  m_Motions:
  - {fileID: 7400000, guid: 381c7314c999d0247b659c17dc5fc7e7, type: 3}
  m_ParentStateMachine: {fileID: 110712610}
  m_Position: {x: 228, y: 12, z: 0}
  m_IKOnFeet: 0
  m_Mirror: 0
  m_Tag: 
--- !u!1102 &110298582
State:
  m_ObjectHideFlags: 3
  m_PrefabParentObject: {fileID: 0}
  m_PrefabInternal: {fileID: 0}
  m_Name: Karasutenngu_Win
  m_Speed: 1
  m_CycleOffset: 0
  m_Motions:
  - {fileID: 7400000, guid: 4955dd98b53926b45b06ee04c1536935, type: 2}
  m_ParentStateMachine: {fileID: 110712610}
  m_Position: {x: 348, y: 168, z: 0}
  m_IKOnFeet: 0
  m_Mirror: 0
  m_Tag: 
--- !u!1107 &110712610
StateMachine:
  serializedVersion: 2
  m_ObjectHideFlags: 3
  m_PrefabParentObject: {fileID: 0}
  m_PrefabInternal: {fileID: 0}
  m_Name: Base Layer
  m_DefaultState: {fileID: 110273434}
  m_States:
  - {fileID: 110273434}
  - {fileID: 110264404}
  - {fileID: 110298582}
  m_ChildStateMachine: []
  m_ChildStateMachinePosition: []
  m_OrderedTransitions:
    data:
      first: {fileID: 110273434}
      second:
      - {fileID: 110126730}
      - {fileID: 110128400}
    data:
      first: {fileID: 110264404}
      second: []
    data:
      first: {fileID: 110298582}
      second: []
  m_MotionSetCount: 1
  m_AnyStatePosition: {x: 50, y: 20, z: 0}
  m_ParentStateMachinePosition: {x: 800, y: 20, z: 0}
