%YAML 1.1
%TAG !u! tag:unity3d.com,2011:
--- !u!29 &1
SceneSettings:
  m_ObjectHideFlags: 0
  m_PVSData: 
  m_PVSObjectsArray: []
  m_PVSPortalsArray: []
  m_OcclusionBakeSettings:
    smallestOccluder: 5
    smallestHole: .25
    backfaceThreshold: 100
--- !u!104 &2
RenderSettings:
  m_Fog: 0
  m_FogColor: {r: .5, g: .5, b: .5, a: 1}
  m_FogMode: 3
  m_FogDensity: .00999999978
  m_LinearFogStart: 0
  m_LinearFogEnd: 300
  m_AmbientLight: {r: .200000003, g: .200000003, b: .200000003, a: 1}
  m_SkyboxMaterial: {fileID: 0}
  m_HaloStrength: .5
  m_FlareStrength: 1
  m_FlareFadeSpeed: 3
  m_HaloTexture: {fileID: 0}
  m_SpotCookie: {fileID: 0}
  m_ObjectHideFlags: 0
--- !u!127 &3
LevelGameManager:
  m_ObjectHideFlags: 0
--- !u!157 &4
LightmapSettings:
  m_ObjectHideFlags: 0
  m_LightProbes: {fileID: 0}
  m_Lightmaps: []
  m_LightmapsMode: 1
  m_BakedColorSpace: 0
  m_UseDualLightmapsInForward: 0
  m_LightmapEditorSettings:
    m_Resolution: 50
    m_LastUsedResolution: 0
    m_TextureWidth: 1024
    m_TextureHeight: 1024
    m_BounceBoost: 1
    m_BounceIntensity: 1
    m_SkyLightColor: {r: .860000014, g: .930000007, b: 1, a: 1}
    m_SkyLightIntensity: 0
    m_Quality: 0
    m_Bounces: 1
    m_FinalGatherRays: 1000
    m_FinalGatherContrastThreshold: .0500000007
    m_FinalGatherGradientThreshold: 0
    m_FinalGatherInterpolationPoints: 15
    m_AOAmount: 0
    m_AOMaxDistance: .100000001
    m_AOContrast: 1
    m_LODSurfaceMappingDistance: 1
    m_Padding: 0
    m_TextureCompression: 0
    m_LockAtlas: 0
--- !u!196 &5
NavMeshSettings:
  m_ObjectHideFlags: 0
  m_BuildSettings:
    agentRadius: .5
    agentHeight: 2
    agentSlope: 45
    agentClimb: .400000006
    ledgeDropHeight: 0
    maxJumpAcrossDistance: 0
    accuratePlacement: 0
    minRegionArea: 2
    widthInaccuracy: 16.666666
    heightInaccuracy: 10
  m_NavMesh: {fileID: 0}
--- !u!1 &570952885
GameObject:
  m_ObjectHideFlags: 0
  m_PrefabParentObject: {fileID: 146198, guid: 2a0bbf4a63795274eaeffac1fab61d41, type: 2}
  m_PrefabInternal: {fileID: 2036923864}
  serializedVersion: 4
  m_Component:
  - 4: {fileID: 570952886}
  - 33: {fileID: 570952889}
  - 65: {fileID: 570952888}
  - 23: {fileID: 570952887}
  - 114: {fileID: 570952890}
  m_Layer: 0
  m_Name: summer
  m_TagString: untrack
  m_Icon: {fileID: 0}
  m_NavMeshLayer: 0
  m_StaticEditorFlags: 0
  m_IsActive: 1
--- !u!4 &570952886
Transform:
  m_ObjectHideFlags: 0
  m_PrefabParentObject: {fileID: 446198, guid: 2a0bbf4a63795274eaeffac1fab61d41, type: 2}
  m_PrefabInternal: {fileID: 2036923864}
  m_GameObject: {fileID: 570952885}
  m_LocalRotation: {x: 0, y: 0, z: 0, w: 1}
  m_LocalPosition: {x: 0, y: .550999999, z: 0}
  m_LocalScale: {x: 1, y: 1, z: 1}
  m_Children: []
  m_Father: {fileID: 1702693445}
  m_RootOrder: 0
--- !u!23 &570952887
Renderer:
  m_ObjectHideFlags: 0
  m_PrefabParentObject: {fileID: 2346198, guid: 2a0bbf4a63795274eaeffac1fab61d41,
    type: 2}
  m_PrefabInternal: {fileID: 2036923864}
  m_GameObject: {fileID: 570952885}
  m_Enabled: 1
  m_CastShadows: 1
  m_ReceiveShadows: 1
  m_LightmapIndex: 255
  m_LightmapTilingOffset: {x: 1, y: 1, z: 0, w: 0}
  m_Materials:
  - {fileID: 2100000, guid: 157ee7d52a5cf3b4781673c0e57c4b11, type: 2}
  m_SubsetIndices: 
  m_StaticBatchRoot: {fileID: 0}
  m_UseLightProbes: 0
  m_LightProbeAnchor: {fileID: 0}
  m_ScaleInLightmap: 1
  m_SortingLayerID: 0
  m_SortingOrder: 0
--- !u!65 &570952888
BoxCollider:
  m_ObjectHideFlags: 0
  m_PrefabParentObject: {fileID: 6546198, guid: 2a0bbf4a63795274eaeffac1fab61d41,
    type: 2}
  m_PrefabInternal: {fileID: 2036923864}
  m_GameObject: {fileID: 570952885}
  m_Material: {fileID: 0}
  m_IsTrigger: 0
  m_Enabled: 1
  serializedVersion: 2
  m_Size: {x: 1, y: 1, z: 1}
  m_Center: {x: 0, y: 0, z: 0}
--- !u!33 &570952889
MeshFilter:
  m_ObjectHideFlags: 0
  m_PrefabParentObject: {fileID: 3346198, guid: 2a0bbf4a63795274eaeffac1fab61d41,
    type: 2}
  m_PrefabInternal: {fileID: 2036923864}
  m_GameObject: {fileID: 570952885}
  m_Mesh: {fileID: 10202, guid: 0000000000000000e000000000000000, type: 0}
--- !u!114 &570952890
MonoBehaviour:
  m_ObjectHideFlags: 0
  m_PrefabParentObject: {fileID: 11446198, guid: 2a0bbf4a63795274eaeffac1fab61d41,
    type: 2}
  m_PrefabInternal: {fileID: 2036923864}
  m_GameObject: {fileID: 570952885}
  m_Enabled: 1
  m_EditorHideFlags: 0
  m_Script: {fileID: 11500000, guid: 322e6a465fee97c44bb3731104988068, type: 3}
  m_Name: 
  m_EditorClassIdentifier: 
  Onsummer: 0
--- !u!1001 &856955696
Prefab:
  m_ObjectHideFlags: 0
  serializedVersion: 2
  m_Modification:
    m_TransformParent: {fileID: 0}
    m_Modifications:
    - target: {fileID: 400000, guid: bf30d577eead1ef40bcf2b404289daf4, type: 2}
      propertyPath: m_LocalPosition.x
      value: 200
      objectReference: {fileID: 0}
    - target: {fileID: 400000, guid: bf30d577eead1ef40bcf2b404289daf4, type: 2}
      propertyPath: m_LocalPosition.y
      value: 600
      objectReference: {fileID: 0}
    - target: {fileID: 400000, guid: bf30d577eead1ef40bcf2b404289daf4, type: 2}
      propertyPath: m_LocalPosition.z
      value: 100
      objectReference: {fileID: 0}
    - target: {fileID: 400000, guid: bf30d577eead1ef40bcf2b404289daf4, type: 2}
      propertyPath: m_LocalRotation.x
      value: .707106888
      objectReference: {fileID: 0}
    - target: {fileID: 400000, guid: bf30d577eead1ef40bcf2b404289daf4, type: 2}
      propertyPath: m_LocalRotation.y
      value: 0
      objectReference: {fileID: 0}
    - target: {fileID: 400000, guid: bf30d577eead1ef40bcf2b404289daf4, type: 2}
      propertyPath: m_LocalRotation.z
      value: 0
      objectReference: {fileID: 0}
    - target: {fileID: 400000, guid: bf30d577eead1ef40bcf2b404289daf4, type: 2}
      propertyPath: m_LocalRotation.w
      value: .707106769
      objectReference: {fileID: 0}
    - target: {fileID: 400000, guid: bf30d577eead1ef40bcf2b404289daf4, type: 2}
      propertyPath: m_RootOrder
      value: 1
      objectReference: {fileID: 0}
    m_RemovedComponents: []
  m_ParentPrefab: {fileID: 100100000, guid: bf30d577eead1ef40bcf2b404289daf4, type: 2}
  m_RootGameObject: {fileID: 1508591979}
  m_IsPrefabParent: 0
  m_IsExploded: 1
--- !u!1001 &1380255742
Prefab:
  m_ObjectHideFlags: 0
  serializedVersion: 2
  m_Modification:
    m_TransformParent: {fileID: 1702693445}
    m_Modifications:
    - target: {fileID: 447224, guid: e801476de48e8a543b66d4ae56a46af7, type: 2}
      propertyPath: m_LocalPosition.x
      value: 0
      objectReference: {fileID: 0}
    - target: {fileID: 447224, guid: e801476de48e8a543b66d4ae56a46af7, type: 2}
      propertyPath: m_LocalPosition.y
      value: .99000001
      objectReference: {fileID: 0}
    - target: {fileID: 447224, guid: e801476de48e8a543b66d4ae56a46af7, type: 2}
      propertyPath: m_LocalPosition.z
      value: 0
      objectReference: {fileID: 0}
    - target: {fileID: 447224, guid: e801476de48e8a543b66d4ae56a46af7, type: 2}
      propertyPath: m_LocalRotation.x
      value: .5
      objectReference: {fileID: 0}
    - target: {fileID: 447224, guid: e801476de48e8a543b66d4ae56a46af7, type: 2}
      propertyPath: m_LocalRotation.y
      value: -.5
      objectReference: {fileID: 0}
    - target: {fileID: 447224, guid: e801476de48e8a543b66d4ae56a46af7, type: 2}
      propertyPath: m_LocalRotation.z
      value: .5
      objectReference: {fileID: 0}
    - target: {fileID: 447224, guid: e801476de48e8a543b66d4ae56a46af7, type: 2}
      propertyPath: m_LocalRotation.w
      value: .5
      objectReference: {fileID: 0}
    - target: {fileID: 447224, guid: e801476de48e8a543b66d4ae56a46af7, type: 2}
      propertyPath: m_RootOrder
      value: 3
      objectReference: {fileID: 0}
    m_RemovedComponents: []
  m_ParentPrefab: {fileID: 100100000, guid: e801476de48e8a543b66d4ae56a46af7, type: 2}
  m_RootGameObject: {fileID: 1533088264}
  m_IsPrefabParent: 0
  m_IsExploded: 1
--- !u!1 &1508591979
GameObject:
  m_ObjectHideFlags: 0
  m_PrefabParentObject: {fileID: 100000, guid: bf30d577eead1ef40bcf2b404289daf4, type: 2}
  m_PrefabInternal: {fileID: 856955696}
  serializedVersion: 4
  m_Component:
  - 4: {fileID: 1508591989}
  - 20: {fileID: 1508591988}
  - 92: {fileID: 1508591987}
  - 124: {fileID: 1508591986}
  - 81: {fileID: 1508591985}
  - 114: {fileID: 1508591984}
  - 114: {fileID: 1508591983}
  - 114: {fileID: 1508591982}
  - 114: {fileID: 1508591981}
  - 114: {fileID: 1508591980}
  m_Layer: 0
  m_Name: ARCamera
  m_TagString: MainCamera
  m_Icon: {fileID: 0}
  m_NavMeshLayer: 0
  m_StaticEditorFlags: 0
  m_IsActive: 1
--- !u!114 &1508591980
MonoBehaviour:
  m_ObjectHideFlags: 0
  m_PrefabParentObject: {fileID: 11400008, guid: bf30d577eead1ef40bcf2b404289daf4,
    type: 2}
  m_PrefabInternal: {fileID: 856955696}
  m_GameObject: {fileID: 1508591979}
  m_Enabled: 1
  m_EditorHideFlags: 0
  m_Script: {fileID: 11500000, guid: c07a53e23300ce745946b494bd8c11e6, type: 3}
  m_Name: 
  m_EditorClassIdentifier: 
  mKeepARCameraAlive: 0
  mKeepTrackableBehavioursAlive: 0
  mKeepTextRecoBehaviourAlive: 0
  mKeepUDTBuildingBehaviourAlive: 0
  mKeepCloudRecoBehaviourAlive: 0
  mKeepSmartTerrainAlive: 0
--- !u!114 &1508591981
MonoBehaviour:
  m_ObjectHideFlags: 0
  m_PrefabParentObject: {fileID: 11400000, guid: bf30d577eead1ef40bcf2b404289daf4,
    type: 2}
  m_PrefabInternal: {fileID: 856955696}
  m_GameObject: {fileID: 1508591979}
  m_Enabled: 1
  m_EditorHideFlags: 0
  m_Script: {fileID: 11500000, guid: 772bc9e597a4a8849b5ad887b7fef10f, type: 3}
  m_Name: 
  m_EditorClassIdentifier: 
  BackgroundCameraPrefab: {fileID: 2000000, guid: b46dcef02cf484544addced9f937c948,
    type: 2}
  RenderTextureLayer: 30
  mDeviceNameSetInEditor: 
  mFlipHorizontally: 0
  mTurnOffWebCam: 0
--- !u!114 &1508591982
MonoBehaviour:
  m_ObjectHideFlags: 0
  m_PrefabParentObject: {fileID: 11400002, guid: bf30d577eead1ef40bcf2b404289daf4,
    type: 2}
  m_PrefabInternal: {fileID: 856955696}
  m_GameObject: {fileID: 1508591979}
  m_Enabled: 1
  m_EditorHideFlags: 0
  m_Script: {fileID: 11500000, guid: 67cbfb9153674e84d894cc7d53ffe720, type: 3}
  m_Name: 
  m_EditorClassIdentifier: 
  mDataSetsToLoad: []
  mDataSetsToActivate: []
  mExternalDatasetRoots: []
--- !u!114 &1508591983
MonoBehaviour:
  m_ObjectHideFlags: 0
  m_PrefabParentObject: {fileID: 11400004, guid: bf30d577eead1ef40bcf2b404289daf4,
    type: 2}
  m_PrefabInternal: {fileID: 856955696}
  m_GameObject: {fileID: 1508591979}
  m_Enabled: 1
  m_EditorHideFlags: 0
  m_Script: {fileID: 11500000, guid: c47f92041efbb4b429a4eafca855ebe3, type: 3}
  m_Name: 
  m_EditorClassIdentifier: 
--- !u!114 &1508591984
MonoBehaviour:
  m_ObjectHideFlags: 0
  m_PrefabParentObject: {fileID: 11400006, guid: bf30d577eead1ef40bcf2b404289daf4,
    type: 2}
  m_PrefabInternal: {fileID: 856955696}
  m_GameObject: {fileID: 1508591979}
  m_Enabled: 1
  m_EditorHideFlags: 0
  m_Script: {fileID: 11500000, guid: 4114ca95ba12f394a8ad43abfc86745c, type: 3}
  m_Name: 
  m_EditorClassIdentifier: 
  CameraDeviceModeSetting: -1
  MaxSimultaneousImageTargets: 1
  SynchronousVideo: 0
  mWorldCenterMode: 1
  mWorldCenter: {fileID: 0}
  CameraDirection: 0
  MirrorVideoBackground: 0
--- !u!81 &1508591985
AudioListener:
  m_ObjectHideFlags: 0
  m_PrefabParentObject: {fileID: 8100000, guid: bf30d577eead1ef40bcf2b404289daf4,
    type: 2}
  m_PrefabInternal: {fileID: 856955696}
  m_GameObject: {fileID: 1508591979}
  m_Enabled: 1
--- !u!124 &1508591986
Behaviour:
  m_ObjectHideFlags: 0
  m_PrefabParentObject: {fileID: 12400000, guid: bf30d577eead1ef40bcf2b404289daf4,
    type: 2}
  m_PrefabInternal: {fileID: 856955696}
  m_GameObject: {fileID: 1508591979}
  m_Enabled: 0
--- !u!92 &1508591987
Behaviour:
  m_ObjectHideFlags: 0
  m_PrefabParentObject: {fileID: 9200000, guid: bf30d577eead1ef40bcf2b404289daf4,
    type: 2}
  m_PrefabInternal: {fileID: 856955696}
  m_GameObject: {fileID: 1508591979}
  m_Enabled: 1
--- !u!20 &1508591988
Camera:
  m_ObjectHideFlags: 0
  m_PrefabParentObject: {fileID: 2000000, guid: bf30d577eead1ef40bcf2b404289daf4,
    type: 2}
  m_PrefabInternal: {fileID: 856955696}
  m_GameObject: {fileID: 1508591979}
  m_Enabled: 1
  serializedVersion: 2
  m_ClearFlags: 2
  m_BackGroundColor: {r: 0, g: 0, b: 0, a: 1}
  m_NormalizedViewPortRect:
    serializedVersion: 2
    x: 0
    y: 0
    width: 1
    height: 1
  near clip plane: 2
  far clip plane: 5000
  field of view: 51.2700005
  orthographic: 0
  orthographic size: 100
  m_Depth: 1
  m_CullingMask:
    serializedVersion: 2
    m_Bits: 4294967295
  m_RenderingPath: -1
  m_TargetTexture: {fileID: 0}
  m_TargetDisplay: 0
  m_HDR: 0
  m_OcclusionCulling: 1
  m_StereoConvergence: 10
  m_StereoSeparation: .0219999999
--- !u!4 &1508591989
Transform:
  m_ObjectHideFlags: 0
  m_PrefabParentObject: {fileID: 400000, guid: bf30d577eead1ef40bcf2b404289daf4, type: 2}
  m_PrefabInternal: {fileID: 856955696}
  m_GameObject: {fileID: 1508591979}
  m_LocalRotation: {x: .707106888, y: 0, z: 0, w: .707106769}
  m_LocalPosition: {x: 200, y: 600, z: 100}
  m_LocalScale: {x: 1, y: 1, z: 1}
  m_Children: []
  m_Father: {fileID: 0}
  m_RootOrder: 1
--- !u!1 &1514661052
GameObject:
  m_ObjectHideFlags: 0
  m_PrefabParentObject: {fileID: 0}
  m_PrefabInternal: {fileID: 0}
  serializedVersion: 4
  m_Component:
  - 224: {fileID: 1514661057}
  - 223: {fileID: 1514661056}
  - 114: {fileID: 1514661055}
  - 114: {fileID: 1514661054}
  - 114: {fileID: 1514661053}
  m_Layer: 5
  m_Name: Canvas
  m_TagString: Untagged
  m_Icon: {fileID: 0}
  m_NavMeshLayer: 0
  m_StaticEditorFlags: 0
  m_IsActive: 1
--- !u!114 &1514661053
MonoBehaviour:
  m_ObjectHideFlags: 0
  m_PrefabParentObject: {fileID: 0}
  m_PrefabInternal: {fileID: 0}
  m_GameObject: {fileID: 1514661052}
  m_Enabled: 1
  m_EditorHideFlags: 0
  m_Script: {fileID: 11500000, guid: bf4e6c880c7330d4d9eb2c84ba21594c, type: 3}
  m_Name: 
  m_EditorClassIdentifier: 
  SPRtree: {fileID: 1533088264}
  SMRtree: {fileID: 570952885}
  AMNtree: {fileID: 1527788158}
  WNTtree: {fileID: 1775431425}
  season: 0
--- !u!114 &1514661054
MonoBehaviour:
  m_ObjectHideFlags: 0
  m_PrefabParentObject: {fileID: 0}
  m_PrefabInternal: {fileID: 0}
  m_GameObject: {fileID: 1514661052}
  m_Enabled: 1
  m_EditorHideFlags: 0
  m_Script: {fileID: 1301386320, guid: f5f67c52d1564df4a8936ccd202a3bd8, type: 3}
  m_Name: 
  m_EditorClassIdentifier: 
  ignoreReversedGraphics: 1
  blockingObjects: 0
  m_BlockingMask:
    serializedVersion: 2
    m_Bits: 4294967295
--- !u!114 &1514661055
MonoBehaviour:
  m_ObjectHideFlags: 0
  m_PrefabParentObject: {fileID: 0}
  m_PrefabInternal: {fileID: 0}
  m_GameObject: {fileID: 1514661052}
  m_Enabled: 1
  m_EditorHideFlags: 0
  m_Script: {fileID: 1980459831, guid: f5f67c52d1564df4a8936ccd202a3bd8, type: 3}
  m_Name: 
  m_EditorClassIdentifier: 
  m_UiScaleMode: 0
  m_ReferencePixelsPerUnit: 100
  m_ScaleFactor: 1
  m_ReferenceResolution: {x: 800, y: 600}
  m_ScreenMatchMode: 0
  m_MatchWidthOrHeight: 0
  m_PhysicalUnit: 3
  m_FallbackScreenDPI: 96
  m_DefaultSpriteDPI: 96
  m_DynamicPixelsPerUnit: 1
--- !u!223 &1514661056
Canvas:
  m_ObjectHideFlags: 0
  m_PrefabParentObject: {fileID: 0}
  m_PrefabInternal: {fileID: 0}
  m_GameObject: {fileID: 1514661052}
  m_Enabled: 1
  serializedVersion: 2
  m_RenderMode: 0
  m_Camera: {fileID: 0}
  m_PlaneDistance: 100
  m_PixelPerfect: 0
  m_ReceivesEvents: 1
  m_OverrideSorting: 0
  m_OverridePixelPerfect: 0
  m_SortingLayerID: 0
  m_SortingOrder: 0
--- !u!224 &1514661057
RectTransform:
  m_ObjectHideFlags: 0
  m_PrefabParentObject: {fileID: 0}
  m_PrefabInternal: {fileID: 0}
  m_GameObject: {fileID: 1514661052}
  m_LocalRotation: {x: 0, y: 0, z: 0, w: 1}
  m_LocalPosition: {x: 0, y: 0, z: 0}
  m_LocalScale: {x: 0, y: 0, z: 0}
  m_Children: []
  m_Father: {fileID: 0}
  m_RootOrder: 0
  m_AnchorMin: {x: 0, y: 0}
  m_AnchorMax: {x: 0, y: 0}
  m_AnchoredPosition: {x: 0, y: 0}
  m_SizeDelta: {x: 0, y: 0}
  m_Pivot: {x: 0, y: 0}
--- !u!1 &1527788158
GameObject:
  m_ObjectHideFlags: 0
  m_PrefabParentObject: {fileID: 145824, guid: fd73bca31eabd43428e48f163737d8c9, type: 2}
  m_PrefabInternal: {fileID: 1707486503}
  serializedVersion: 4
  m_Component:
  - 4: {fileID: 1527788159}
  - 33: {fileID: 1527788163}
  - 65: {fileID: 1527788162}
  - 23: {fileID: 1527788161}
  - 114: {fileID: 1527788160}
  m_Layer: 0
  m_Name: autumn
  m_TagString: untrack
  m_Icon: {fileID: 0}
  m_NavMeshLayer: 0
  m_StaticEditorFlags: 0
  m_IsActive: 1
--- !u!4 &1527788159
Transform:
  m_ObjectHideFlags: 0
  m_PrefabParentObject: {fileID: 445824, guid: fd73bca31eabd43428e48f163737d8c9, type: 2}
  m_PrefabInternal: {fileID: 1707486503}
  m_GameObject: {fileID: 1527788158}
  m_LocalRotation: {x: 0, y: 0, z: 0, w: 1}
  m_LocalPosition: {x: 0, y: .64200002, z: 0}
  m_LocalScale: {x: 1, y: 1, z: 1}
  m_Children: []
  m_Father: {fileID: 1702693445}
  m_RootOrder: 1
--- !u!114 &1527788160
MonoBehaviour:
  m_ObjectHideFlags: 0
  m_PrefabParentObject: {fileID: 11445824, guid: fd73bca31eabd43428e48f163737d8c9,
    type: 2}
  m_PrefabInternal: {fileID: 1707486503}
  m_GameObject: {fileID: 1527788158}
  m_Enabled: 1
  m_EditorHideFlags: 0
  m_Script: {fileID: 11500000, guid: 8546943766c04e84d9b980f8dce1c9e5, type: 3}
  m_Name: 
  m_EditorClassIdentifier: 
  Onautumn: 0
--- !u!23 &1527788161
Renderer:
  m_ObjectHideFlags: 0
  m_PrefabParentObject: {fileID: 2345824, guid: fd73bca31eabd43428e48f163737d8c9,
    type: 2}
  m_PrefabInternal: {fileID: 1707486503}
  m_GameObject: {fileID: 1527788158}
  m_Enabled: 1
  m_CastShadows: 1
  m_ReceiveShadows: 1
  m_LightmapIndex: 255
  m_LightmapTilingOffset: {x: 1, y: 1, z: 0, w: 0}
  m_Materials:
  - {fileID: 2100000, guid: 2bd0d9544a4880d4e9b46ef4ddaacb15, type: 2}
  m_SubsetIndices: 
  m_StaticBatchRoot: {fileID: 0}
  m_UseLightProbes: 0
  m_LightProbeAnchor: {fileID: 0}
  m_ScaleInLightmap: 1
  m_SortingLayerID: 0
  m_SortingOrder: 0
--- !u!65 &1527788162
BoxCollider:
  m_ObjectHideFlags: 0
  m_PrefabParentObject: {fileID: 6545824, guid: fd73bca31eabd43428e48f163737d8c9,
    type: 2}
  m_PrefabInternal: {fileID: 1707486503}
  m_GameObject: {fileID: 1527788158}
  m_Material: {fileID: 0}
  m_IsTrigger: 0
  m_Enabled: 1
  serializedVersion: 2
  m_Size: {x: 1, y: 1, z: 1}
  m_Center: {x: 0, y: 0, z: 0}
--- !u!33 &1527788163
MeshFilter:
  m_ObjectHideFlags: 0
  m_PrefabParentObject: {fileID: 3345824, guid: fd73bca31eabd43428e48f163737d8c9,
    type: 2}
  m_PrefabInternal: {fileID: 1707486503}
  m_GameObject: {fileID: 1527788158}
  m_Mesh: {fileID: 10202, guid: 0000000000000000e000000000000000, type: 0}
--- !u!1 &1533088264
GameObject:
  m_ObjectHideFlags: 0
  m_PrefabParentObject: {fileID: 147224, guid: e801476de48e8a543b66d4ae56a46af7, type: 2}
  m_PrefabInternal: {fileID: 1380255742}
  serializedVersion: 4
  m_Component:
  - 4: {fileID: 1533088265}
  - 33: {fileID: 1533088269}
  - 65: {fileID: 1533088268}
  - 23: {fileID: 1533088267}
  - 114: {fileID: 1533088266}
  m_Layer: 0
  m_Name: spring
  m_TagString: untrack
  m_Icon: {fileID: 0}
  m_NavMeshLayer: 0
  m_StaticEditorFlags: 0
  m_IsActive: 1
--- !u!4 &1533088265
Transform:
  m_ObjectHideFlags: 0
  m_PrefabParentObject: {fileID: 447224, guid: e801476de48e8a543b66d4ae56a46af7, type: 2}
  m_PrefabInternal: {fileID: 1380255742}
  m_GameObject: {fileID: 1533088264}
  m_LocalRotation: {x: .5, y: -.5, z: .5, w: .5}
  m_LocalPosition: {x: 0, y: .99000001, z: 0}
  m_LocalScale: {x: 1, y: 1, z: 1}
  m_Children: []
  m_Father: {fileID: 1702693445}
  m_RootOrder: 3
--- !u!114 &1533088266
MonoBehaviour:
  m_ObjectHideFlags: 0
  m_PrefabParentObject: {fileID: 11447224, guid: e801476de48e8a543b66d4ae56a46af7,
    type: 2}
  m_PrefabInternal: {fileID: 1380255742}
  m_GameObject: {fileID: 1533088264}
  m_Enabled: 1
  m_EditorHideFlags: 0
  m_Script: {fileID: 11500000, guid: e2c96ac0062c2894ab32d0ea329df5c3, type: 3}
  m_Name: 
  m_EditorClassIdentifier: 
  OnSpring: 0
--- !u!23 &1533088267
Renderer:
  m_ObjectHideFlags: 0
  m_PrefabParentObject: {fileID: 2347224, guid: e801476de48e8a543b66d4ae56a46af7,
    type: 2}
  m_PrefabInternal: {fileID: 1380255742}
  m_GameObject: {fileID: 1533088264}
  m_Enabled: 1
  m_CastShadows: 1
  m_ReceiveShadows: 1
  m_LightmapIndex: 255
  m_LightmapTilingOffset: {x: 1, y: 1, z: 0, w: 0}
  m_Materials:
  - {fileID: 2100000, guid: 7111a1ffec23f4d4babd4f23c7f4e455, type: 2}
  m_SubsetIndices: 
  m_StaticBatchRoot: {fileID: 0}
  m_UseLightProbes: 0
  m_LightProbeAnchor: {fileID: 0}
  m_ScaleInLightmap: 1
  m_SortingLayerID: 0
  m_SortingOrder: 0
--- !u!65 &1533088268
BoxCollider:
  m_ObjectHideFlags: 0
  m_PrefabParentObject: {fileID: 6547224, guid: e801476de48e8a543b66d4ae56a46af7,
    type: 2}
  m_PrefabInternal: {fileID: 1380255742}
  m_GameObject: {fileID: 1533088264}
  m_Material: {fileID: 0}
  m_IsTrigger: 0
  m_Enabled: 1
  serializedVersion: 2
  m_Size: {x: 1, y: 1, z: 1}
  m_Center: {x: 0, y: 0, z: 0}
--- !u!33 &1533088269
MeshFilter:
  m_ObjectHideFlags: 0
  m_PrefabParentObject: {fileID: 3347224, guid: e801476de48e8a543b66d4ae56a46af7,
    type: 2}
  m_PrefabInternal: {fileID: 1380255742}
  m_GameObject: {fileID: 1533088264}
  m_Mesh: {fileID: 10202, guid: 0000000000000000e000000000000000, type: 0}
--- !u!1 &1702693439
GameObject:
  m_ObjectHideFlags: 0
  m_PrefabParentObject: {fileID: 100000, guid: 4a92d471d38b849b3b91c5641d1df91c, type: 2}
  m_PrefabInternal: {fileID: 0}
  serializedVersion: 4
  m_Component:
  - 4: {fileID: 1702693445}
  - 114: {fileID: 1702693444}
  - 114: {fileID: 1702693443}
  - 33: {fileID: 1702693442}
  - 23: {fileID: 1702693441}
  - 114: {fileID: 1702693440}
  m_Layer: 0
  m_Name: FrameMarker0
  m_TagString: untrack
  m_Icon: {fileID: 0}
  m_NavMeshLayer: 0
  m_StaticEditorFlags: 0
  m_IsActive: 1
--- !u!114 &1702693440
MonoBehaviour:
  m_ObjectHideFlags: 0
  m_PrefabParentObject: {fileID: 11400000, guid: 4a92d471d38b849b3b91c5641d1df91c,
    type: 2}
  m_PrefabInternal: {fileID: 0}
  m_GameObject: {fileID: 1702693439}
  m_Enabled: 1
  m_EditorHideFlags: 0
  m_Script: {fileID: 11500000, guid: a9fda2940793ed441a0458c26ef9a56a, type: 3}
  m_Name: 
  m_EditorClassIdentifier: 
--- !u!23 &1702693441
Renderer:
  m_ObjectHideFlags: 0
  m_PrefabParentObject: {fileID: 2300000, guid: 4a92d471d38b849b3b91c5641d1df91c,
    type: 2}
  m_PrefabInternal: {fileID: 0}
  m_GameObject: {fileID: 1702693439}
  m_Enabled: 1
  m_CastShadows: 1
  m_ReceiveShadows: 1
  m_LightmapIndex: 255
  m_LightmapTilingOffset: {x: 1, y: 1, z: 0, w: 0}
  m_Materials:
  - {fileID: 2100000, guid: 7159c5f5559087c48a2fa99fbdbfd78b, type: 2}
  m_SubsetIndices: 
  m_StaticBatchRoot: {fileID: 0}
  m_UseLightProbes: 0
  m_LightProbeAnchor: {fileID: 0}
  m_ScaleInLightmap: 1
  m_SortingLayerID: 0
  m_SortingOrder: 0
--- !u!33 &1702693442
MeshFilter:
  m_ObjectHideFlags: 0
  m_PrefabParentObject: {fileID: 3300000, guid: 4a92d471d38b849b3b91c5641d1df91c,
    type: 2}
  m_PrefabInternal: {fileID: 0}
  m_GameObject: {fileID: 1702693439}
  m_Mesh: {fileID: 1982025787}
--- !u!114 &1702693443
MonoBehaviour:
  m_ObjectHideFlags: 0
  m_PrefabParentObject: {fileID: 11400004, guid: 4a92d471d38b849b3b91c5641d1df91c,
    type: 2}
  m_PrefabInternal: {fileID: 0}
  m_GameObject: {fileID: 1702693439}
  m_Enabled: 1
  m_EditorHideFlags: 0
  m_Script: {fileID: 11500000, guid: 08e4618365b5df6439e08cd7109174d4, type: 3}
  m_Name: 
  m_EditorClassIdentifier: 
  mTrackableName: FrameMarker0
  mPreviousScale: {x: 1, y: 1, z: 1}
  mPreserveChildSize: 0
  mInitializedInEditor: 1
  mMarkerID: 0
--- !u!114 &1702693444
MonoBehaviour:
  m_ObjectHideFlags: 0
  m_PrefabParentObject: {fileID: 11400002, guid: 4a92d471d38b849b3b91c5641d1df91c,
    type: 2}
  m_PrefabInternal: {fileID: 0}
  m_GameObject: {fileID: 1702693439}
  m_Enabled: 1
  m_EditorHideFlags: 0
  m_Script: {fileID: 11500000, guid: e246bd21db86f8346bc66895a661fcc4, type: 3}
  m_Name: 
  m_EditorClassIdentifier: 
--- !u!4 &1702693445
Transform:
  m_ObjectHideFlags: 0
  m_PrefabParentObject: {fileID: 400000, guid: 4a92d471d38b849b3b91c5641d1df91c, type: 2}
  m_PrefabInternal: {fileID: 0}
  m_GameObject: {fileID: 1702693439}
  m_LocalRotation: {x: 0, y: 0, z: 0, w: 1}
  m_LocalPosition: {x: 0, y: 0, z: 0}
  m_LocalScale: {x: 1, y: 1, z: 1}
  m_Children:
  - {fileID: 570952886}
  - {fileID: 1527788159}
  - {fileID: 1775431430}
  - {fileID: 1533088265}
  m_Father: {fileID: 0}
  m_RootOrder: 3
--- !u!1001 &1707486503
Prefab:
  m_ObjectHideFlags: 0
  serializedVersion: 2
  m_Modification:
    m_TransformParent: {fileID: 1702693445}
    m_Modifications:
    - target: {fileID: 445824, guid: fd73bca31eabd43428e48f163737d8c9, type: 2}
      propertyPath: m_LocalPosition.x
      value: 0
      objectReference: {fileID: 0}
    - target: {fileID: 445824, guid: fd73bca31eabd43428e48f163737d8c9, type: 2}
      propertyPath: m_LocalPosition.y
      value: .64200002
      objectReference: {fileID: 0}
    - target: {fileID: 445824, guid: fd73bca31eabd43428e48f163737d8c9, type: 2}
      propertyPath: m_LocalPosition.z
      value: 0
      objectReference: {fileID: 0}
    - target: {fileID: 445824, guid: fd73bca31eabd43428e48f163737d8c9, type: 2}
      propertyPath: m_LocalRotation.x
      value: 0
      objectReference: {fileID: 0}
    - target: {fileID: 445824, guid: fd73bca31eabd43428e48f163737d8c9, type: 2}
      propertyPath: m_LocalRotation.y
      value: 0
      objectReference: {fileID: 0}
    - target: {fileID: 445824, guid: fd73bca31eabd43428e48f163737d8c9, type: 2}
      propertyPath: m_LocalRotation.z
      value: 0
      objectReference: {fileID: 0}
    - target: {fileID: 445824, guid: fd73bca31eabd43428e48f163737d8c9, type: 2}
      propertyPath: m_LocalRotation.w
      value: 1
      objectReference: {fileID: 0}
    - target: {fileID: 445824, guid: fd73bca31eabd43428e48f163737d8c9, type: 2}
      propertyPath: m_RootOrder
      value: 1
      objectReference: {fileID: 0}
    m_RemovedComponents: []
  m_ParentPrefab: {fileID: 100100000, guid: fd73bca31eabd43428e48f163737d8c9, type: 2}
  m_RootGameObject: {fileID: 1527788158}
  m_IsPrefabParent: 0
  m_IsExploded: 1
--- !u!1 &1775431425
GameObject:
  m_ObjectHideFlags: 0
  m_PrefabParentObject: {fileID: 137342, guid: e05b20c7bee48f5429e400abdafce426, type: 2}
  m_PrefabInternal: {fileID: 2064033253}
  serializedVersion: 4
  m_Component:
  - 4: {fileID: 1775431430}
  - 33: {fileID: 1775431429}
  - 65: {fileID: 1775431428}
  - 23: {fileID: 1775431427}
  - 114: {fileID: 1775431426}
  m_Layer: 0
  m_Name: winter
  m_TagString: untrack
  m_Icon: {fileID: 0}
  m_NavMeshLayer: 0
  m_StaticEditorFlags: 0
  m_IsActive: 1
--- !u!114 &1775431426
MonoBehaviour:
  m_ObjectHideFlags: 0
  m_PrefabParentObject: {fileID: 11437342, guid: e05b20c7bee48f5429e400abdafce426,
    type: 2}
  m_PrefabInternal: {fileID: 2064033253}
  m_GameObject: {fileID: 1775431425}
  m_Enabled: 1
  m_EditorHideFlags: 0
  m_Script: {fileID: 11500000, guid: 170986487ccf14548b5f4e3c82342c54, type: 3}
  m_Name: 
  m_EditorClassIdentifier: 
  Onwinter: 0
--- !u!23 &1775431427
Renderer:
  m_ObjectHideFlags: 0
  m_PrefabParentObject: {fileID: 2337342, guid: e05b20c7bee48f5429e400abdafce426,
    type: 2}
  m_PrefabInternal: {fileID: 2064033253}
  m_GameObject: {fileID: 1775431425}
  m_Enabled: 1
  m_CastShadows: 1
  m_ReceiveShadows: 1
  m_LightmapIndex: 255
  m_LightmapTilingOffset: {x: 1, y: 1, z: 0, w: 0}
  m_Materials:
  - {fileID: 2100000, guid: d82b39c85a98f8544a33b9b2d9b73188, type: 2}
  m_SubsetIndices: 
  m_StaticBatchRoot: {fileID: 0}
  m_UseLightProbes: 0
  m_LightProbeAnchor: {fileID: 0}
  m_ScaleInLightmap: 1
  m_SortingLayerID: 0
  m_SortingOrder: 0
--- !u!65 &1775431428
BoxCollider:
  m_ObjectHideFlags: 0
  m_PrefabParentObject: {fileID: 6537342, guid: e05b20c7bee48f5429e400abdafce426,
    type: 2}
  m_PrefabInternal: {fileID: 2064033253}
  m_GameObject: {fileID: 1775431425}
  m_Material: {fileID: 0}
  m_IsTrigger: 0
  m_Enabled: 1
  serializedVersion: 2
  m_Size: {x: 1, y: 1, z: 1}
  m_Center: {x: 0, y: 0, z: 0}
--- !u!33 &1775431429
MeshFilter:
  m_ObjectHideFlags: 0
  m_PrefabParentObject: {fileID: 3337342, guid: e05b20c7bee48f5429e400abdafce426,
    type: 2}
  m_PrefabInternal: {fileID: 2064033253}
  m_GameObject: {fileID: 1775431425}
  m_Mesh: {fileID: 10202, guid: 0000000000000000e000000000000000, type: 0}
--- !u!4 &1775431430
Transform:
  m_ObjectHideFlags: 0
  m_PrefabParentObject: {fileID: 437342, guid: e05b20c7bee48f5429e400abdafce426, type: 2}
  m_PrefabInternal: {fileID: 2064033253}
  m_GameObject: {fileID: 1775431425}
  m_LocalRotation: {x: 0, y: 0, z: 0, w: 1}
  m_LocalPosition: {x: 0, y: .816999972, z: 0}
  m_LocalScale: {x: 1, y: 1, z: 1}
  m_Children: []
  m_Father: {fileID: 1702693445}
  m_RootOrder: 2
--- !u!1 &1858140376
GameObject:
  m_ObjectHideFlags: 0
  m_PrefabParentObject: {fileID: 0}
  m_PrefabInternal: {fileID: 0}
  serializedVersion: 4
  m_Component:
  - 4: {fileID: 1858140380}
  - 114: {fileID: 1858140379}
  - 114: {fileID: 1858140378}
  - 114: {fileID: 1858140377}
  m_Layer: 0
  m_Name: EventSystem
  m_TagString: Untagged
  m_Icon: {fileID: 0}
  m_NavMeshLayer: 0
  m_StaticEditorFlags: 0
  m_IsActive: 1
--- !u!114 &1858140377
MonoBehaviour:
  m_ObjectHideFlags: 0
  m_PrefabParentObject: {fileID: 0}
  m_PrefabInternal: {fileID: 0}
  m_GameObject: {fileID: 1858140376}
  m_Enabled: 1
  m_EditorHideFlags: 0
  m_Script: {fileID: 1997211142, guid: f5f67c52d1564df4a8936ccd202a3bd8, type: 3}
  m_Name: 
  m_EditorClassIdentifier: 
  m_AllowActivationOnStandalone: 0
--- !u!114 &1858140378
MonoBehaviour:
  m_ObjectHideFlags: 0
  m_PrefabParentObject: {fileID: 0}
  m_PrefabInternal: {fileID: 0}
  m_GameObject: {fileID: 1858140376}
  m_Enabled: 1
  m_EditorHideFlags: 0
  m_Script: {fileID: 1077351063, guid: f5f67c52d1564df4a8936ccd202a3bd8, type: 3}
  m_Name: 
  m_EditorClassIdentifier: 
  m_HorizontalAxis: Horizontal
  m_VerticalAxis: Vertical
  m_SubmitButton: Submit
  m_CancelButton: Cancel
  m_InputActionsPerSecond: 10
  m_AllowActivationOnMobileDevice: 0
--- !u!114 &1858140379
MonoBehaviour:
  m_ObjectHideFlags: 0
  m_PrefabParentObject: {fileID: 0}
  m_PrefabInternal: {fileID: 0}
  m_GameObject: {fileID: 1858140376}
  m_Enabled: 1
  m_EditorHideFlags: 0
  m_Script: {fileID: -619905303, guid: f5f67c52d1564df4a8936ccd202a3bd8, type: 3}
  m_Name: 
  m_EditorClassIdentifier: 
  m_FirstSelected: {fileID: 0}
  m_sendNavigationEvents: 1
  m_DragThreshold: 5
--- !u!4 &1858140380
Transform:
  m_ObjectHideFlags: 0
  m_PrefabParentObject: {fileID: 0}
  m_PrefabInternal: {fileID: 0}
  m_GameObject: {fileID: 1858140376}
  m_LocalRotation: {x: 0, y: 0, z: 0, w: 1}
  m_LocalPosition: {x: 0, y: 0, z: 0}
  m_LocalScale: {x: 1, y: 1, z: 1}
  m_Children: []
  m_Father: {fileID: 0}
  m_RootOrder: 2
--- !u!43 &1982025787
Mesh:
  m_ObjectHideFlags: 0
  m_PrefabParentObject: {fileID: 0}
  m_PrefabInternal: {fileID: 0}
  m_Name: 
  serializedVersion: 8
  m_SubMeshes:
  - serializedVersion: 2
    firstByte: 0
    indexCount: 6
    topology: 0
    firstVertex: 0
    vertexCount: 4
    localAABB:
      m_Center: {x: 0, y: 0, z: 0}
      m_Extent: {x: .5, y: 0, z: .5}
  m_Shapes:
    vertices: []
    shapes: []
    channels: []
    fullWeights: []
  m_BindPose: []
  m_BoneNameHashes: 
  m_RootBoneNameHash: 0
  m_MeshCompression: 0
  m_StreamCompression: 0
  m_IsReadable: 1
  m_KeepVertices: 1
  m_KeepIndices: 1
  m_IndexBuffer: 000001000200020001000300
  m_Skin: []
  m_VertexData:
    m_CurrentChannels: 15
    m_VertexCount: 4
    m_Channels:
    - stream: 0
      offset: 0
      format: 0
      dimension: 3
    - stream: 0
      offset: 12
      format: 0
      dimension: 3
    - stream: 0
      offset: 24
      format: 2
      dimension: 1
    - stream: 0
      offset: 28
      format: 0
      dimension: 2
    - stream: 0
      offset: 0
      format: 0
      dimension: 0
    - stream: 0
      offset: 0
      format: 0
      dimension: 0
    m_Streams:
    - channelMask: 15
      offset: 0
      stride: 36
      dividerOp: 0
      frequency: 0
    - channelMask: 0
      offset: 0
      stride: 0
      dividerOp: 0
      frequency: 0
    - channelMask: 0
      offset: 0
      stride: 0
      dividerOp: 0
      frequency: 0
    - channelMask: 0
      offset: 0
      stride: 0
      dividerOp: 0
      frequency: 0
    m_DataSize: 144
    _typelessdata: 000000bf00000000000000bf000000000000803f00000000ffffffff0000000000000000000000bf000000000000003f000000000000803f00000000ffffffff000000000000803f0000003f00000000000000bf000000000000803f00000000ffffffff0000803f000000000000003f000000000000003f000000000000803f00000000ffffffff0000803f0000803f
  m_CompressedMesh:
    m_Vertices:
      m_NumItems: 0
      m_Range: 0
      m_Start: 0
      m_Data: 
      m_BitSize: 0
    m_UV:
      m_NumItems: 0
      m_Range: 0
      m_Start: 0
      m_Data: 
      m_BitSize: 0
    m_BindPoses:
      m_NumItems: 0
      m_Range: 0
      m_Start: 0
      m_Data: 
      m_BitSize: 0
    m_Normals:
      m_NumItems: 0
      m_Range: 0
      m_Start: 0
      m_Data: 
      m_BitSize: 0
    m_Tangents:
      m_NumItems: 0
      m_Range: 0
      m_Start: 0
      m_Data: 
      m_BitSize: 0
    m_Weights:
      m_NumItems: 0
      m_Data: 
      m_BitSize: 0
    m_NormalSigns:
      m_NumItems: 0
      m_Data: 
      m_BitSize: 0
    m_TangentSigns:
      m_NumItems: 0
      m_Data: 
      m_BitSize: 0
    m_BoneIndices:
      m_NumItems: 0
      m_Data: 
      m_BitSize: 0
    m_Triangles:
      m_NumItems: 0
      m_Data: 
      m_BitSize: 0
    m_Colors:
      m_NumItems: 0
      m_Data: 
      m_BitSize: 0
  m_LocalAABB:
    m_Center: {x: 0, y: 0, z: 0}
    m_Extent: {x: .5, y: 0, z: .5}
  m_MeshUsageFlags: 0
  m_MeshOptimized: 0
--- !u!1001 &2036923864
Prefab:
  m_ObjectHideFlags: 0
  serializedVersion: 2
  m_Modification:
    m_TransformParent: {fileID: 1702693445}
    m_Modifications:
    - target: {fileID: 446198, guid: 2a0bbf4a63795274eaeffac1fab61d41, type: 2}
      propertyPath: m_LocalPosition.x
      value: 0
      objectReference: {fileID: 0}
    - target: {fileID: 446198, guid: 2a0bbf4a63795274eaeffac1fab61d41, type: 2}
      propertyPath: m_LocalPosition.y
      value: .550999999
      objectReference: {fileID: 0}
    - target: {fileID: 446198, guid: 2a0bbf4a63795274eaeffac1fab61d41, type: 2}
      propertyPath: m_LocalPosition.z
      value: 0
      objectReference: {fileID: 0}
    - target: {fileID: 446198, guid: 2a0bbf4a63795274eaeffac1fab61d41, type: 2}
      propertyPath: m_LocalRotation.x
      value: 0
      objectReference: {fileID: 0}
    - target: {fileID: 446198, guid: 2a0bbf4a63795274eaeffac1fab61d41, type: 2}
      propertyPath: m_LocalRotation.y
      value: 0
      objectReference: {fileID: 0}
    - target: {fileID: 446198, guid: 2a0bbf4a63795274eaeffac1fab61d41, type: 2}
      propertyPath: m_LocalRotation.z
      value: 0
      objectReference: {fileID: 0}
    - target: {fileID: 446198, guid: 2a0bbf4a63795274eaeffac1fab61d41, type: 2}
      propertyPath: m_LocalRotation.w
      value: 1
      objectReference: {fileID: 0}
    - target: {fileID: 446198, guid: 2a0bbf4a63795274eaeffac1fab61d41, type: 2}
      propertyPath: m_RootOrder
      value: 0
      objectReference: {fileID: 0}
    m_RemovedComponents: []
  m_ParentPrefab: {fileID: 100100000, guid: 2a0bbf4a63795274eaeffac1fab61d41, type: 2}
  m_RootGameObject: {fileID: 570952885}
  m_IsPrefabParent: 0
  m_IsExploded: 1
--- !u!1001 &2064033253
Prefab:
  m_ObjectHideFlags: 0
  serializedVersion: 2
  m_Modification:
    m_TransformParent: {fileID: 1702693445}
    m_Modifications:
    - target: {fileID: 437342, guid: e05b20c7bee48f5429e400abdafce426, type: 2}
      propertyPath: m_LocalPosition.x
      value: 0
      objectReference: {fileID: 0}
    - target: {fileID: 437342, guid: e05b20c7bee48f5429e400abdafce426, type: 2}
      propertyPath: m_LocalPosition.y
      value: .816999972
      objectReference: {fileID: 0}
    - target: {fileID: 437342, guid: e05b20c7bee48f5429e400abdafce426, type: 2}
      propertyPath: m_LocalPosition.z
      value: 0
      objectReference: {fileID: 0}
    - target: {fileID: 437342, guid: e05b20c7bee48f5429e400abdafce426, type: 2}
      propertyPath: m_LocalRotation.x
      value: 0
      objectReference: {fileID: 0}
    - target: {fileID: 437342, guid: e05b20c7bee48f5429e400abdafce426, type: 2}
      propertyPath: m_LocalRotation.y
      value: 0
      objectReference: {fileID: 0}
    - target: {fileID: 437342, guid: e05b20c7bee48f5429e400abdafce426, type: 2}
      propertyPath: m_LocalRotation.z
      value: 0
      objectReference: {fileID: 0}
    - target: {fileID: 437342, guid: e05b20c7bee48f5429e400abdafce426, type: 2}
      propertyPath: m_LocalRotation.w
      value: 1
      objectReference: {fileID: 0}
    - target: {fileID: 437342, guid: e05b20c7bee48f5429e400abdafce426, type: 2}
      propertyPath: m_RootOrder
      value: 2
      objectReference: {fileID: 0}
    m_RemovedComponents: []
  m_ParentPrefab: {fileID: 100100000, guid: e05b20c7bee48f5429e400abdafce426, type: 2}
  m_RootGameObject: {fileID: 1775431425}
  m_IsPrefabParent: 0
  m_IsExploded: 1
